@online{ReferenceName1,
author = {Author},
title = {Title},
year = {},
url = {url},
note = {Zuletzt besucht: DD-MM-JJJJ}
}
@online{ReferenceName2,
author = {Author},
title = {Title},
year = {},
url = {url},
note = {Zuletzt besucht: DD-MM-JJJJ}
}